<?xml version="1.0"?>
<marc:collection xmlns:marc="http://www.loc.gov/MARC21/slim" xmlns:xsi="http://www.w3.org/2001/XMLSchema-instance" xsi:schemaLocation="http://www.loc.gov/MARC21/slim http://www.loc.gov/standards/marcxml/schema/MARC21slim.xsd">
   <marc:record type="Bibliographic">
      <marc:leader>01282cam a2200349Mi 4500</marc:leader>
      <marc:controlfield tag="001">1297756</marc:controlfield>
      <marc:controlfield tag="003">NjP</marc:controlfield>
      <marc:controlfield tag="005">20121212090308.0</marc:controlfield>
      <marc:controlfield tag="008">920226s1900    le            000 0 ara d</marc:controlfield>
      <marc:datafield tag="024" ind1="7" ind2=" ">
         <marc:subfield code="a">princeton_aco000037</marc:subfield>
         <marc:subfield code="2">local</marc:subfield>
      </marc:datafield>
      <marc:datafield tag="035" ind1=" " ind2=" ">
         <marc:subfield code="a">(OCoLC)ocn177018060</marc:subfield>
      </marc:datafield>
      <marc:datafield tag="035" ind1=" " ind2=" ">
         <marc:subfield code="a">(OCoLC)ocm33995398</marc:subfield>
      </marc:datafield>
      <marc:datafield tag="040" ind1=" " ind2=" ">
         <marc:subfield code="a">HLS</marc:subfield>
         <marc:subfield code="c">PUL</marc:subfield>
         <marc:subfield code="d">PUL</marc:subfield>
      </marc:datafield>
      <marc:datafield tag="035" ind1=" " ind2=" ">
         <marc:subfield code="a">(OCoLC)177018060</marc:subfield>
      </marc:datafield>
      <marc:datafield tag="035" ind1=" " ind2=" ">
         <marc:subfield code="9">CDU0536TS</marc:subfield>
      </marc:datafield>
      <marc:datafield tag="035" ind1=" " ind2=" ">
         <marc:subfield code="a">(NjP)1297756</marc:subfield>
      </marc:datafield>
      <marc:datafield tag="079" ind1=" " ind2=" ">
         <marc:subfield code="a">ocm33995398</marc:subfield>
      </marc:datafield>
      <marc:datafield tag="049" ind1=" " ind2=" ">
         <marc:subfield code="a">PULL</marc:subfield>
      </marc:datafield>
      <marc:datafield tag="100" ind1="1" ind2=" ">
         <marc:subfield code="6">880-01</marc:subfield>
         <marc:subfield code="a">Dibs, Yu&#x304;suf,</marc:subfield>
         <marc:subfield code="d">1911-</marc:subfield>
      </marc:datafield>
      <marc:datafield tag="245" ind1="1" ind2="0">
         <marc:subfield code="6">880-02</marc:subfield>
         <marc:subfield code="a">Mughni&#x304; al-muta&#x2BB;allim &#x2BB;an al-mu&#x2BB;allim fi&#x304; maba&#x304;di&#x304; al-tas&#x323;ri&#x304;f wa-al-nah&#x323;u&#x304; /</marc:subfield>
         <marc:subfield code="c">li-Yu&#x304;suf Ilya&#x304;s al-Dibs.</marc:subfield>
      </marc:datafield>
      <marc:datafield tag="250" ind1=" " ind2=" ">
         <marc:subfield code="6">880-03</marc:subfield>
         <marc:subfield code="a">al-T&#x323;ab&#x2BB;ah 3.</marc:subfield>
      </marc:datafield>
      <marc:datafield tag="260" ind1=" " ind2=" ">
         <marc:subfield code="6">880-04</marc:subfield>
         <marc:subfield code="a">Bayru&#x304;t :</marc:subfield>
         <marc:subfield code="b">al-Mat&#x323;ba&#x2BB;ah al-&#x2BB;Umu&#x304;mi&#x304;yah al-Ma&#x304;ru&#x304;ni&#x304;yah,</marc:subfield>
         <marc:subfield code="c">1900.</marc:subfield>
      </marc:datafield>
      <marc:datafield tag="300" ind1=" " ind2=" ">
         <marc:subfield code="a">239 p. ;</marc:subfield>
         <marc:subfield code="c">23 cm.</marc:subfield>
      </marc:datafield>
      <marc:datafield tag="500" ind1=" " ind2=" ">
         <marc:subfield code="a">Title-page and text in Arabic.</marc:subfield>
      </marc:datafield>
      <marc:datafield tag="590" ind1=" " ind2=" ">
         <marc:subfield code="a">Photocopy.</marc:subfield>
      </marc:datafield>
      <marc:datafield tag="650" ind1=" " ind2="0">
         <marc:subfield code="a">Arabic language</marc:subfield>
         <marc:subfield code="x">Grammar.</marc:subfield>
      </marc:datafield>
      <marc:datafield tag="880" ind1="1" ind2=" ">
         <marc:subfield code="6">100-01/r</marc:subfield>
         <marc:subfield code="a">&#x62F;&#x628;&#x633;&#x60C; &#x64A;&#x648;&#x633;&#x641;&#x60C;</marc:subfield>
         <marc:subfield code="d">1911-</marc:subfield>
      </marc:datafield>
      <marc:datafield tag="880" ind1="1" ind2="0">
         <marc:subfield code="6">245-02/r</marc:subfield>
         <marc:subfield code="a">&#x645;&#x63A;&#x646;&#x64A; &#x627;&#x644;&#x645;&#x62A;&#x639;&#x644;&#x645; &#x639;&#x646; &#x627;&#x644;&#x645;&#x639;&#x644;&#x645; &#x641;&#x64A; &#x645;&#x628;&#x627;&#x62F;&#x64A; &#x627;&#x644;&#x62A;&#x635;&#x631;&#x64A;&#x641; &#x648;&#x627;&#x644;&#x646;&#x62D;&#x648;&#x627; /</marc:subfield>
         <marc:subfield code="c">&#x644;&#x64A;&#x648;&#x633;&#x641; &#x627;&#x644;&#x64A;&#x627;&#x633; &#x627;&#x644;&#x62F;&#x628;&#x633;.</marc:subfield>
      </marc:datafield>
      <marc:datafield tag="880" ind1=" " ind2=" ">
         <marc:subfield code="6">250-03/r</marc:subfield>
         <marc:subfield code="a">&#x627;&#x644;&#x637;&#x628;&#x639;&#x629; 3.</marc:subfield>
      </marc:datafield>
      <marc:datafield tag="880" ind1=" " ind2=" ">
         <marc:subfield code="6">260-04/r</marc:subfield>
         <marc:subfield code="a">&#x628;&#x64A;&#x631;&#x648;&#x62A; :</marc:subfield>
         <marc:subfield code="b">&#x627;&#x644;&#x645;&#x637;&#x628;&#x639;&#x629; &#x627;&#x644;&#x639;&#x645;&#x648;&#x645;&#x64A;&#x629; &#x627;&#x644;&#x645;&#x627;&#x631;&#x648;&#x646;&#x64A;&#x629;&#x60C;</marc:subfield>
         <marc:subfield code="c">1900.</marc:subfield>
      </marc:datafield>
      <marc:datafield tag="947" ind1=" " ind2=" ">
         <marc:subfield code="a">CDU0536</marc:subfield>
      </marc:datafield>
      <marc:datafield tag="911" ind1=" " ind2=" ">
         <marc:subfield code="a">20000130</marc:subfield>
      </marc:datafield>
      <marc:datafield tag="994" ind1=" " ind2=" ">
         <marc:subfield code="a">C0</marc:subfield>
         <marc:subfield code="b">PUL</marc:subfield>
      </marc:datafield>
      <marc:datafield tag="999" ind1=" " ind2=" ">
         <marc:subfield code="a">1297756</marc:subfield>
      </marc:datafield>
   </marc:record>
</marc:collection>
